@article{AA09,
  title={A novel regression approach: Least squares ratio},
  author={Akbilgic, Oguz and Akinci, Eylem Deniz},
  journal={Communications in Statistics-Theory and Methods},
  volume={38},
  number={9},
  pages={1539--1545},
  year={2009},
  publisher={Taylor \& Francis}
}

@article{AHM51,
  title={Optimal inventory policy},
  author={Arrow, Kenneth J and Harris, Theodore and Marschak, Jacob},
  journal={Econometrica: Journal of the Econometric Society},
  pages={250--272},
  year={1951},
  publisher={JSTOR}
}

@article{BAA99,
  title={Single-period multiproduct inventory models with substitution},
  author={Bassok, Yehuda and Anupindi, Ravi and Akella, Ram},
  journal={Operations Research},
  volume={47},
  number={4},
  pages={632--642},
  year={1999},
  publisher={INFORMS}
}

@article{BK10,
  title={A multi-period newsvendor problem with pre-season extension under fuzzy demand},
  author={Behret, H{\"u}lya and Kahraman, Cengiz},
  journal={Journal of Business Economics and Management},
  volume={11},
  number={4},
  pages={613--629},
  year={2010},
  publisher={Taylor \& Francis}
}

@techreport{BT06,
  title={A data-driven approach to newsvendor problems},
  author={Bertsimas, Dimitris and Thiele, Aur{\'e}lie},
  journal={Working Paper, Massachusetts Institute of Technology},
  year={2005}
}

@article{BM12,
  title={Safety stock planning under causal demand forecasting},
  author={Beutel, Anna-Lena and Minner, Stefan},
  journal={International Journal of Production Economics},
  volume={140},
  number={2},
  pages={637--645},
  year={2012},
  publisher={Elsevier}
}

@article{Br16,
  title = {Quantile forecasting in operational planning and inventory management--an initial empirical verification},
  author = {Bruzda, Joanna},
  journal = {Dynamic Econometric Models},
  volume = {16},
  pages = {5--20},
  year = {2016}
}

@article{CS19,
  title={Quantile forecasting and data-driven inventory management under nonstationary demand},
  author={Cao, Ying and Shen, Zuo-Jun Max},
  journal={Operations Research Letters},
  volume={47},
  number={6},
  pages={465--472},
  year={2019},
  publisher={Elsevier}
}

@article{Ca16,
  title={Robust newsvendor problem with autoregressive demand},
  author={Carrizosa, Emilio and Olivares-Nadal, Alba V and Ram{\'\i}rez-Cobo, Pepa},
  journal={Computers \& Operations Research},
  volume={68},
  pages={123--133},
  year={2016},
  publisher={Elsevier}
}

@article{CD14,
  title={Root mean square error (RMSE) or mean absolute error (MAE)?--Arguments against avoiding RMSE in the literature},
  author={Chai, Tianfeng and Draxler, Roland R},
  journal={Geoscientific model development},
  volume={7},
  number={3},
  pages={1247--1250},
  year={2014},
  publisher={Copernicus GmbH}
}

@book{Ch12,
  title={Handbook of Newsvendor problems: Models, extensions and applications},
  author={Choi, Tsan-Ming},
  volume={176},
  year={2012},
  publisher={Springer Science \& Business Media}
}

@article{DKA19,
  title={Quantile regression},
  author={Das, Kiranmoy and Krzywinski, Martin and Altman, Naomi},
  journal={Birth},
  volume={1},
  number={1.0},
  pages={0--9},
  year={2019}
}

@article{EGS95,
  title={The risk-averse (and prudent) newsboy},
  author={Eeckhoudt, Louis and Gollier, Christian and Schlesinger, Harris},
  journal={Management science},
  volume={41},
  number={5},
  pages={786--794},
  year={1995},
  publisher={INFORMS}
}

@book{GBC15,
  title={Deep learning},
  author={Goodfellow, Ian and Bengio, Yoshua and Courville, Aaron},
  year={2016},
  publisher={MIT press}
}

@article{Guo11,  
  title={One-shot decision theory},
  author={Guo, Peijun},
  journal={IEEE Transactions on Systems, Man, and Cybernetics-Part A: Systems and Humans},
  volume={41},
  number={5},
  pages={917--926},
  year={2011},
  publisher={IEEE}
}

@article{GM14,
  title={Newsvendor models for innovative products with one-shot decision theory},
  author={Guo, Peijun and Ma, Xiuyan},
  journal={European Journal of Operational Research},
  volume={239},
  number={2},
  pages={523--536},
  year={2014},
  publisher={Elsevier}
}

@book{HW63,
  title={Analysis of inventory systems},
  author={Hadley, George and Whitin, Thomson M},
  year={1963}
}

@techreport{HN16,
  title={Fully polynomial time ($\Sigma$, $\Pi$)-approximation schemes for continuous nonlinear newsvendor and continuous stochastic dynamic programs},
  author={Halman, Nir and Nannicini, Giacomo},
  year={2016}
}

@article{HOS12,
  title={Approximating the nonlinear newsvendor and single-item stochastic lot-sizing problems when data is given by an oracle},
  author={Halman, Nir and Orlin, James B and Simchi-Levi, David},
  journal={Operations Research},
  volume={60},
  number={2},
  pages={429--446},
  year={2012},
  publisher={INFORMS}
}

@techreport{HNS15,
  title={A data-driven, distribution-free, multivariate approach to the price-setting newsvendor problem},
  author={Harsha, Pavithra and Natarajan, Ramesh and Subramanian, Dharmashankar},
  year={2015},
  publisher={Working paper, IBM TJ Watson Research Center, Yorktown Heights, NY}
}

@article{Hi08,
  title={Customer value-based pricing strategies: why companies resist},
  author={Hinterhuber, Andreas},
  journal={Journal of business strategy},
  year={2008},
  publisher={Emerald Group Publishing Limited}
}

@article{Hu19,
  title={A data-driven newsvendor problem: From data to decision},
  author={Huber, Jakob and M{\"u}ller, Sebastian and Fleischmann, Moritz and Stuckenschmidt, Heiner},
  journal={European Journal of Operational Research},
  volume={278},
  number={3},
  pages={904--915},
  year={2019},
  publisher={Elsevier}
}

@book{Hy08,
  title={Forecasting with exponential smoothing: the state space approach},
  author={Hyndman, Rob and Koehler, Anne B and Ord, J Keith and Snyder, Ralph D},
  year={2008},
  publisher={Springer Science \& Business Media}
}

@inbook{KC62,
  title={Prices and optimal inventory policy},
  author={Karlin, Samuel and Carr, Charles R},
  journal={Studies in applied probability and management science},
  volume={4},
  pages={159--172},
  year={1962},
  publisher={Stanford University Press Stanford, CA}
}

@article{Ka94,
  title={A robust forecasting technique for inventory and leadtime management},
  author={Karmarkar, Uday S},
  journal={Journal of operations management},
  volume={12},
  number={1},
  pages={45--54},
  year={1994},
  publisher={Elsevier}
}

@article{Kh95,
  title={The newsboy problem under progressive multiple discounts},
  author={Khouja, Moutaz},
  journal={European Journal of Operational Research},
  volume={84},
  number={2},
  pages={458--466},
  year={1995},
  publisher={Elsevier}
}

@article{Kh99,
  title={The single-period (news-vendor) problem: literature review and suggestions for future research},
  author={Khouja, Moutaz},
  journal={Omega},
  volume={27},
  number={5},
  pages={537--553},
  year={1999},
  publisher={Elsevier}
}

@article{KWH15,
  title={Optimal inventory control in a multi-period newsvendor problem with non-stationary demand},
  author={Kim, Gitae and Wu, Kan and Huang, Edward},
  journal={Advanced Engineering Informatics},
  volume={29},
  number={1},
  pages={139--145},
  year={2015},
  publisher={Elsevier}
}

@article{KHM05,
  title={Practical confidence intervals for regression quantiles},
  author={Kocherginsky, Masha and He, Xuming and Mu, Yunming},
  journal={Journal of Computational and Graphical Statistics},
  volume={14},
  number={1},
  pages={41--55},
  year={2005},
  publisher={Taylor \& Francis}
}

@book{Koe05,
  title={Quantile Regression (Econometric Society Monographs; No. 38)},
  author={Koenker},
  year={2005},
  publisher={Cambridge university press}
}

@article{RG78,
  title={Regression quantiles},
  author={Koenker, Roger and Bassett Jr, Gilbert},
  journal={Econometrica: journal of the Econometric Society},
  pages={33--50},
  year={1978},
  publisher={JSTOR}
}

@article{KH01,
  title={Quantile regression},
  author={Koenker, Roger and Hallock, Kevin F},
  journal={Journal of economic perspectives},
  volume={15},
  number={4},
  pages={143--156},
  year={2001}
}

@article{KM99,
  title={Goodness of fit and related inference processes for quantile regression},
  author={Koenker, Roger and Machado, Jose AF},
  journal={Journal of the american statistical association},
  volume={94},
  number={448},
  pages={1296--1310},
  year={1999},
  publisher={Taylor \& Francis Group}
}

@article{KP96,
  title={An interior point algorithm for nonlinear quantile regression},
  author={Koenker, Roger and Park, Beum J},
  journal={Journal of Econometrics},
  volume={71},
  number={1-2},
  pages={265--283},
  year={1996},
  publisher={Elsevier}
}

@article{KT96,
  title={Inventory forecasting with a multiple criteria decision tool},
  author={Korpela, Jukka and Tuominen, Markku},
  journal={International journal of production economics},
  volume={45},
  number={1-3},
  pages={159--168},
  year={1996},
  publisher={Citeseer}
}

@article{KTB20,
  title={Optimising forecasting models for inventory planning},
  author={Kourentzes, Nikolaos and Trapero, Juan R and Barrow, Devon K},
  journal={International Journal of Production Economics},
  volume={225},
  pages={107597},
  year={2020},
  publisher={Elsevier}
}

@article{KK18,
  title = {The price-setting newsvendor with nonlinear salvage revenue and shortage cost},
  author = {George J. Kyparisis and Christos Koulamas},
  journal = {Operations Research Letters},
  volume = {46},
  number = {1},
  pages = {64 - 68},
  year = {2018},
}

@article{LL96,
  title = {The newsstand problem: A capacitated multi-product single period inventory problem},
  author = {Lau, A. and Lau, H.},
  journal = {Operations Research},
  volume = {94},
  pages = {29--42},
  year = {1996}
}

@article{LBH15,
  title = {Deep learning},
  author = {Lecun, Y. and Bengio, Y. and Hinton, G.},
  journal = {Nature},
  volume = {521},
  pages = {436--444},
  year = {2015}
}

@article{LN89,
  title = {On the limited memory {BFGS} method for large scale optimization},
  author = {Liu, D.C and Nocedal, J.},
  journal = {Mathematical Programming},
  volume = {45},
  pages={503-528},
  year = {1989}
}

@article{Ma19,
  title={Pricing to the scenario: price-setting newsvendor models for innovative products},
  author={Ma, Xiuyan},
  journal={Mathematics},
  volume={7},
  number={9},
  pages={814},
  year={2019},
  publisher={Multidisciplinary Digital Publishing Institute}
}

@article{Mi59,
  title={Uncertainty and price theory},
  author={Mills, Edwin S},
  journal={The Quarterly Journal of Economics},
  volume={73},
  number={1},
  pages={116--130},
  year={1959},
  publisher={MIT Press}
}

@article{MG18,
  title={The newsvendor problem with capacitated suppliers and quantity discounts},
  author={Mohammadivojdan, Roshanak and Geunes, Joseph},
  journal={European Journal of Operational Research},
  volume={271},
  number={1},
  pages={109--119},
  year={2018},
  publisher={Elsevier}
}

@article{MS00,
  title={The multi-item newsvendor problem with a budget constraint and fixed ordering costs},
  author={Moon, Ilkyeong and Silver, Edward Allen},
  journal={Journal of the Operational Research Society},
  volume={51},
  number={5},
  pages={602--608},
  year={2000},
  publisher={Taylor \& Francis}
}

@book{MK51,
  title={Methods of operations research},
  author={Morse, Philip McCord and Kimball, George E and Gass, Saul I},
  year={2003},
  publisher={Courier Corporation}
}

@article{OST20,
  title={Applying deep learning to the newsvendor problem},
  author={Oroojlooyjadid, Afshin and Snyder, Lawrence V and Tak{\'a}{\v{c}}, Martin},
  journal={IISE Transactions},
  volume={52},
  number={4},
  pages={444--463},
  year={2020},
  publisher={Taylor \& Francis}
}

@article{PSC15,
  title={A distribution-free newsvendor problem with nonlinear holding cost},
  author={Pal, Brojeswar and Sana, Shib Sankar and Chaudhuri, Kripasindhu},
  journal={International Journal of Systems Science},
  volume={46},
  number={7},
  pages={1269--1277},
  year={2015},
  publisher={Taylor \& Francis}
}

@article{PD99,
  title={Pricing and the newsvendor problem: A review with extensions},
  author={Petruzzi, Nicholas C and Dada, Maqbool},
  journal={Operations research},
  volume={47},
  number={2},
  pages={183--194},
  year={1999},
  publisher={INFORMS}
}

@incollection{Po90,
  title={Stochastic inventory theory},
  author={Porteus, Evan L},
  journal={Handbooks in operations research and management science},
  volume={2},
  pages={605--652},
  year={1990},
  publisher={Elsevier}
}

@book{Po02,
  title={Foundations of stochastic inventory theory},
  author={Porteus, Evan L},
  year={2002},
  publisher={Stanford University Press}
}

@article{Ro02,
  title={Inventory cost rate functions with nonlinear shortage costs},
  author={Rosling, Kaj},
  journal={Operations Research},
  volume={50},
  number={6},
  pages={1007--1017},
  year={2002},
  publisher={INFORMS}
}

@article{RV19,
  title={The big data newsvendor: Practical insights from machine learning},
  author={Ban, Gah-Yi and Rudin, Cynthia},
  journal={Operations Research},
  volume={67},
  number={1},
  pages={90--108},
  year={2019},
  publisher={INFORMS}
}

@inbook{Sc58,
  title={A min-max solution of an inventory problem},
  author={Scarf, Herbert},
  journal={Studies in the mathematical theory of inventory and production},
  year={1958},
  publisher={Stanford Univ. Press}
}

@article{Sch15,
  title={Deep learning in neural networks: An overview},
  author={Schmidhuber, J{\"u}rgen},
  journal={Neural networks},
  volume={61},
  pages={85--117},
  year={2015},
  publisher={Elsevier}
}

@book{SPP98,
  title={Inventory management and production planning and scheduling},
  author={Silver, Edward Allen and Pyke, David F and Peterson, Rein and others},
  volume={3},
  year={1998},
  publisher={Wiley New York}
}

@article{TCK19,
  title={Empirical safety stock estimation based on kernel and GARCH models},
  author={Trapero, Juan R and Card{\'o}s, Manuel and Kourentzes, Nikolaos},
  journal={Omega},
  volume={84},
  pages={199--211},
  year={2019},
  publisher={Elsevier}
}

@article{Wh54,
  title={Erich Schneider's inventory control analysis},
  author={Whitin, Thomas M},
  journal={Journal of the Operations Research Society of America},
  volume={2},
  number={3},
  pages={329--334},
  year={1954},
  publisher={INFORMS}
}

@article{WM05,
  title={Advantages of the mean absolute error (MAE) over the root mean square error (RMSE) in assessing average model performance},
  author={Willmott, Cort J and Matsuura, Kenji},
  journal={Climate research},
  volume={30},
  number={1},
  pages={79--82},
  year={2005}
}

@article{ZZ18,
  title={Visual interpretability for deep learning: a survey},
  author={Zhang, Quan-shi and Zhu, Song-Chun},
  journal={Frontiers of Information Technology \& Electronic Engineering},
  volume={19},
  number={1},
  pages={27--39},
  year={2018},
  publisher={Springer}
}

@book{Zi00,
  title={Foundations of inventory management},
  author={Zipkin, Paul Herbert},
  year={2000}
}

@article{FG67,
  title={Multicollinearity in regression analysis: the problem revisited},
  author={Farrar, Donald E and Glauber, Robert R},
  journal={The Review of Economic and Statistics},
  pages={92--107},
  year={1967},
  publisher={JSTOR}
}

@book{Box76,
  title={Time series analysis: forecasting and control},
  author={Box, George EP and Jenkins, Gwilym M and Reinsel, Gregory C},
  volume={734},
  year={2011},
  publisher={John Wiley \& Sons}
}

@article{SBBKN16,
  title={Supply chain forecasting: Theory, practice, their gap and the future},
  author={Syntetos, Aris A and Babai, Zied and Boylan, John E and Kolassa, Stephan and Nikolopoulos, Konstantinos},
  journal={European Journal of Operational Research},
  volume={252},
  number={1},
  pages={1--26},
  year={2016},
  publisher={Elsevier}
}

@article{SW81,
  title={Minimization by random search techniques},
  author={Solis, Francisco J and Wets, Roger J-B},
  journal={Mathematics of operations research},
  volume={6},
  number={1},
  pages={19--30},
  year={1981},
  publisher={INFORMS}
}